<?xml version="1.0" encoding="UTF-8"?><collection xmlns="http://www.loc.gov/MARC21/slim"><record><leader>00647nam--2200181-i-4500</leader><controlfield tag="001">000041786</controlfield><controlfield tag="002">20161230</controlfield><controlfield tag="005">20161230201043</controlfield><controlfield tag="008">060222s1000------------r-----000-0-fre-d</controlfield><datafield ind1=" " ind2=" " tag="040"><subfield code="a">IFIN-HH</subfield></datafield><datafield ind1=" " ind2=" " tag="041"><subfield code="a">fre</subfield></datafield><datafield ind1=" " ind2=" " tag="080"><subfield code="a">539.172.2:539.186.2(043)</subfield></datafield><datafield ind1="1" ind2=" " tag="100"><subfield code="a">Sizun-dreyfus, Muriel</subfield></datafield><datafield ind1="1" ind2="0" tag="245"><subfield code="a">Etude par une methode de trajectoires quasiclassiques du role de la topographe de la surface d`energie potentielle et du couplage par inertie dans la dessociation d`ions negatif triatomiques</subfield><subfield code="b">These</subfield><subfield code="c">Muriel sizun-dreyfus</subfield></datafield><datafield ind1=" " ind2=" " tag="260"><subfield code="a">Orsay</subfield><subfield code="b">Universite De Paris</subfield><subfield code="c">1980</subfield></datafield><datafield ind1=" " ind2=" " tag="300"><subfield code="a">122 P</subfield></datafield><datafield ind1=" " ind2=" " tag="852"><subfield code="a">49830</subfield><subfield code="c">539.17</subfield></datafield><datafield ind1=" " ind2=" " tag="CAT"><subfield code="a">Sys</subfield><subfield code="c">20120619</subfield><subfield code="h">171248</subfield></datafield></record></collection>